2891 3785
1395 207 1434 259 fv

291 339 309 368 ¹³
327 348 845 411 V5‘'³‘E‘'‘dmuuottd}isc
880 351 1046 410 scripsi,
1081 347 1194 409 quiid
1221 345 1418 403 Ἦπίομες
1454 365 1492 395 v.
1531 352 1573 395 3.
1613 351 1737 409 plane
1781 351 1964 408 flagitat,
2004 350 2235 407 ‘legebatur
2278 348 2635 408 ἀποπυρίζομες.

190 429 673 494 Ζςρῢγγόλᾶξῑῡδφύας
693 444 698 449 ·
722 435 902 493 pingues
942 437 982 474 et
1039 434 1215 490 magnius
1245 432 1406 477 'dicere
1453 432 1615 475 videtur
1665 437 1810 489 poeta,
1864 441 1955 474 cum
2004 430 2249 490 plerumque
2303 435 2445 489 pisces
2493 434 2637 478 minuti

115 501 117 503 .
193 525 349 567 essent,
381 514 436 559 cf.
471 513 709 574 Hesychius
744 511 1023 571 στραβαλός·
1060 508 1086 558 δ
1118 512 1415 574 στρογγυλίας
1455 517 1529 557 καὶ
1563 512 1843 569 τετράγωνος
1880 510 2159 570 ἄνθρωπος’
2186 509 2373 568 Ἀχαιοί.
2397 527 2461 550 -’-
2498 513 2548 559 V.
2582 515 2633 559 2.

192 597 503 656 δελφακίσκας
540 598 706 656 scripsi,
743 605 834 643 erat
867 593 1165 653 δελφακίνας,
1187 597 1523 657 qnam'formam
1542 595 1740 640 'fortasse
1775 594 1861 662 alii
1884 595 2119 640 tuebuntur.
2159 621 2222 628 —
2271 596 2320 640 V.
2359 599 2402 641 3.
2440 596 2641 653 οἰβοιβοῖ

193 682 369 742 scripsi,
429 678 627 737 οἴβοιβοι
659 679 745 730 ΑΙ),
784 677 909 736 οἴμοι
945 678 994 730 P,
1031 678 1127 725 hinc
1170 680 1296 739 vulgo
1326 678 1466 736 ὀἴμοι
1499 692 1599 733 μοι,
1630 684 1686 724 at
1721 674 1859 719 Siculi
1894 675 2087 723 videntur
2122 678 2245 735 οἶβοῖ
2290 678 2476 731 dixisse,
2523 679 2637 738 qnod

139 816 141 821 ,
192 763 339 809 Atticis
375 770 439 809 est
475 763 612 819 αἰβοῖ,
648 774 756 821 quae
788 763 1024 808 interiectio
1063 762 1131 808 hic
1166 764 1413 821 geminatur,
1452 771 1493 808 ut
1528 768 1592 807 est
1626 758 1736 819 apud
1771 759 2086 819 Aristophanem
2125 765 2166 806 in
2204 762 2313 807 Pace
2355 762 2505 807 1066:
2555 760 2639 805 TP.

192 841 418 900 αἰβοιβοῖ·
471 842 536 890 ΙΕ.
572 844 619 889 τί
644 839 801 897 γελᾶς;
840 840 924 888 ΤΡ.
962 836 1113 901 ἣσθην
1145 845 1397 900 χαροποῖσι
1444 842 1677 900 πιθήκοις.
1741 839 1812 885 Est
1863 848 1998 886 autem
2033 842 2137 887 haec
2176 842 2329 888 vocula
2364 856 2448 887 non
2500 843 2637 887 solum

192 926 399 978 dolentis,
450 926 527 972 sed
554 929 675 972 etiam
712 928 923 978 mirantis,
954 927 1009 972 cf.
1047 926 1252 985 Hesychs
1289 927 1426 987 αἰβοῖ,
1463 941 1521 977 ως
1557 924 1682 979 οἴμοι
1715 926 1901 969 τίθεται
1937 927 2010 968 καὶ
2056 924 2130 969 ἐπὶ
2143 923 2465 993 θαυμασμοῦ.
2537 924 2637 970 item

192 1006 431 1053 Siculorhm
454 1021 537 1053 vox
555 1008 720 1052 videtur
735 1008 872 1053 fuisse
893 1005 1036 1063 φοῧν.
1061 1009 1103 1060 4,
1125 1020 1300 1067 quacum
1319 1019 1571 1069 componere
1593 1010 1733 1067 possis
1758 1006 1946 1050 Latinum
1974 1010 2032 1064 su,
2065 1010 2149 1052 vid.
2168 1008 2301 1052 Plaut.
2321 1007 2474 1051 Pseud.
2494 1007 2639 1059 1294,

191 1087 319 1134 Most.
336 1088 414 1134 39.
433 1118 494 1126 —-
529 1088 575 1134 V.
590 1090 634 1134 4.
655 1096 696 1134 ut
714 1091 825 1147 potui
846 1091 1066 1134 restituere
1085 1098 1258 1136 conatus
1274 1105 1389 1144 sum3
1418 1093 1458 1135 in
1484 1089 1605 1134 libris
1627 1097 1713 1133 est:
1734 1090 1839 1144 περὶ
1859 1085 1990 1143 σᾶμά
2007 1102 2064 1143 με
2081 1086 2286 1132 καλοῦσα
2299 1091 2496 1133 κατίστα
2514 1088 2635 1141 λέγει

193 1168 244 1233 (Β
279 1167 422 1232 λέγοι)
458 1185 550 1226 φου
588 1167 679 1232 (VL
715 1166 826 1232 φοῦ)
855 1168 947 1214 ταῖν
983 1168 1146 1216 κακῶν.
1188 1172 1346 1232 Piper-is
1385 1172 1546 1217 mediae
1566 1170 1812 1216 comoediae
1830 1178 1979 1229 poetae
2000 1175 2168 1229 saepius
2192 1174 2437 1217 mentionem
2464 1171 2635 1224 faciunt,

193 1252 413 1297 utebantur
447 1255 703 1310 potissimum
756 1251 809 1295 ad
847 1255 985 1297 vinum
1030 1253 1329 1303 condiendum,
1376 1252 1459 1298 vid.
1479 1252 1624 1298 Athen.
1649 1249 1696 1295 ΙΙ.
1717 1251 1795 1296 66.
1836 1250 1867 1295 D
1904 1266 2012 1309 seq.;
2050 1249 2123 1294 sed
2162 1253 2315 1311 piperis
2355 1266 2472 1298 usum
2512 1254 2635 1297 etiam

191 1337 233 1379 in
280 1333 388 1378 cibis
425 1333 671 1378 condiendis
709 1333 842 1378 fuisse
887 1334 1010 1378 docet
1045 1333 1234 1380 Alexidis
1283 1335 1403 1380 locus
1452 1333 1560 1393 apud
1608 1333 1771 1379 Polluc.
1809 1332 1877 1379 Vl.
1917 1333 1993 1384 66,
2029 1331 2097 1382 ubi
2133 1337 2427 1390 grammaticus
2463 1336 2636 1394 πέπερι

190 1414 375 1459 dilucide
421 1415 689 1466 testificatur,
736 1429 982 1474 quamquam
1024 1416 1285 1466 Athenaeus,
1335 1421 1403 1475 qui
1437 1416 1505 1459 lV.
1549 1416 1655 1460 170.
1686 1418 1719 1459 A
1773 1415 1942 1459 eosdem
1991 1428 2142 1458 versus
2189 1415 2433 1474 adscripsit,
2479 1416 2636 1459 σέσελι

191 1496 306 1553 legit.
376 1498 509 1554 Atque
553 1495 619 1540 hic
658 1498 749 1555 ipse
786 1497 976 1542 Alexidis
1020 1510 1196 1542 versus:

839 1579 1039 1635 Σφάκον,
1076 1582 1271 1638 σίραιον,
1312 1582 1494 1637 πέπερι,
1530 1578 1751 1636 πήγανον,
1786 1577 1988 1636 πράσον·

191 1660 372 1705 tribreve
415 1660 665 1721 vocabulum
712 1676 808 1706 esse
846 1664 996 1719 arguit,
1033 1662 1074 1705 id
1122 1662 1233 1721 quod
1263 1662 1464 1719 analogia
1500 1675 1665 1721 quoque
1709 1660 1991 1708 commendat;
2038 1673 2173 1717 neque
2203 1658 2411 1703 Nicander
2451 1660 2633 1705 ultimam

191 1741 398 1798 syllabam
434 1742 643 1800 produxit,
679 1743 753 1788 sed
792 1745 990 1799 πέπεριν
1027 1742 1216 1787 scribere
1236 1744 1392 1795 maluit,
1428 1743 1512 1786 vid.
1553 1741 1749 1787 Theriac.
1787 1741 1928 1786 876st
1969 1742 2086 1786 Alex.
2125 1743 2220 1785 332
2259 1750 2296 1784 et
2336 1743 2446 1786 607.
2498 1742 2635 1787 Siculi

189 1823 383 1867 videntur
418 1838 469 1867 ex
510 1825 655 1868 Africa
690 1828 913 1884 petivisse,
956 1834 1069 1869 certe
1118 1823 1324 1883 Ophelion
1372 1839 1435 1883 ap.
1471 1824 1616 1869 Athen.
1664 1823 1713 1872 ll,
1752 1824 1829 1869 66.
1866 1822 1915 1866 D.
1950 1824 2078 1867 dixit:
2114 1823 2315 1878 Λιβυκὸν
2347 1826 2515 1881 πέπερι
2559 1827 2634 1868 καὶ

191 1906 422 1960 θυμίαμα,
457 1906 640 1960 βιβλίον
658 1906 905 1955 Πλάτωνος
922 1903 1241 1964 ἒμβρόντητον.
1261 1935 1324 1944 --
1361 1906 1409 1951 V.
1433 1908 1477 1950 5.
1509 1905 1733 1961 legebatur
1771 1903 1797 1948 ὃ
1831 1907 1905 1947 καὶ
1922 1906 2052 1962 παρὰ
2084 1905 2268 1962 τρίγλας
2299 1921 2348 1950 τε
2368 1909 2442 1950 καὶ
2463 1906 2631 1963 πάχηα,

189 2000 297 2045 quae
336 1989 516 2031 correxi.
564 2017 620 2024 -
675 1988 721 2032 V.
758 1992 801 2034 6.
839 1988 1197 2045 διατετμαμέναι
1242 1988 1440 2034 Meineke
1474 1989 1667 2040 restitnit,
1702 1997 1792 2032 erat
1824 1987 2188 2045 διατεταγμέναι.

323 2066 595 2125 Epicharmus
631 2072 786 2128 primus
823 2078 1036 2128 poetarum
1073 2073 1326 2115 comicorum
1359 2071 1585 2128 parasitum
1616 2071 1656 2112 in
1695 2083 1863 2113 scenam
1883 2070 2052 2114 deduxit
2081 2073 2121 2114 in
2151 2070 2309 2118 fabula,
2347 2083 2454 2126 quae
2477 2066 2632 2118 Ἐλπὶς
2674 2103 2676 2105 ,

192 2143 216 2203 ἢ
251 2145 457 2198 Πλοῦτος
492 2151 693 2208 inscripta
742 2151 835 2201 suit,
865 2160 906 2195 ut
942 2151 1086 2196 Athen.
1121 2150 1190 2195 Vl.
1220 2151 1331 2197 235.
1351 2149 1393 2194 F.
1416 2164 1504 2207 seq.
1539 2150 1683 2202 docet3
1720 2153 1854 2194 statim
1892 2154 2046 2209 primus
2082 2165 2232 2195 versus
2269 2150 2487 2194 manifesto
2526 2153 2625 2196 vitio

191 2230 356 2275 laborat
403 2225 501 2274 ἀλλ’
535 2227 672 2280 ἄλλος
694 2227 756 2274 ὅδ’
795 2228 936 2286 ἕστηχ’
973 2227 1048 2276 ὅδε
1074 2230 1208 2277 τοῦδε
1242 2231 1359 2274 κατὰ
1385 2229 1552 2282 πόδας,
1586 2245 1679 2275 nam
1717 2227 1877 2288 ἔστηκε
1913 2247 1938 2276 a
1974 2232 2106 2277 dorici
2146 2233 2353 2276 sermonis
2374 2234 2628 2290 proprietate

188 2311 311 2371 plane
348 2312 569 2366 abhorret,
608 2313 683 2358 sed
724 2314 851 2358 multo
891 2316 1065 2371 gravius
1103 2321 1177 2365 est,
1216 2326 1463 2372 quamquam
1493 2314 1627 2357 critici
1659 2327 1740 2357 non
1780 2314 2170 2364 anImadverterunt,
2208 2312 2325 2356 κατὰ
2361 2311 2508 2362 πόδας
2546 2328 2631 2359 non

189 2407 317 2453 posse
358 2396 576 2441 commode
613 2398 812 2453 coniungi
859 2410 950 2441 cum
1001 2394 1137 2441 standi
1176 2396 1332 2447 verbo,
1382 2395 1586 2454 siquidem
1623 2394 1705 2440 dici
1745 2396 1853 2441 solet
1889 2395 1940 2439 de
1977 2397 2043 2446 iis,
2074 2398 2142 2454 qui
2181 2409 2363 2455 propero
2394 2395 2531 2452 gradu
2567 2397 2630 2440 in-

190 2476 367 2529 cedunt,
414 2477 526 2522 velut
571 2486 634 2522 est
675 2478 783 2538 apud
820 2478 1011 2536 Thucyd.
1051 2476 1120 2522 lll.
1154 2478 1243 2522 9⁶3:
1280 2476 1479 2526 πολλοῦς
1513 2478 1596 2533 μὲν
1637 2474 1780 2521 αὐτοῦ
1824 2475 1874 2520 ἒν
1920 2474 1975 2540 τῇ
2010 2475 2161 2540 τροπῇ
2202 2478 2321 2520 κατὰ
2358 2476 2505 2526 πόδας
2545 2475 2626 2520 αἱ-

191 2556 375 2613 ροῦντες
413 2556 661 2617 ἄνθρωποι
696 2559 920 2609 ποδώκεις
957 2564 1030 2604 καὶ
1058 2560 1189 2619 ψιλοὶ
1219 2558 1505 2617 διέφθειρον.
1547 2560 1594 2604 V.
1635 2560 1722 2605 64:
1763 2562 1835 2603 καὶ
1865 2563 1957 2608 τοῖς
1994 2561 2075 2615 μὲν
2103 2558 2348 2617 Ἀρκάδων
2382 2563 2626 2618 σφετέροις

191 2635 295 2684 οὖσι
311 2641 562 2697 συμμάχοις
581 2646 810 2700 προεῖπον
842 2640 1175 2698 ἀθροισθεῖσιν
1200 2641 1316 2686 ἰέναι
1335 2642 1452 2686 κατά
1490 2639 1636 2690 πόδας
1662 2636 1812 2684 αὖτῶν
1831 2641 1894 2689 εἲς
1929 2644 2110 2694 Τέγεαν.
2156 2645 2289 2700 Atque
2315 2645 2371 2685 ita
2389 2656 2472 2687 non
2492 2643 2628 2687 solum

189 2721 440 2775 Herodotus,
478 2723 724 2783 Xenophon,
761 2725 832 2768 alii
867 2724 1133 2768 historiarum
1172 2725 1425 2782 scriptores,
1461 2724 1533 2768 sed
1572 2726 1691 2767 etiam
1729 2725 1888 2773 comici,
1923 2723 2036 2767 velut
2072 2725 2300 2768 Axionicus
2338 2722 2401 2768 Fr.
2447 2726 2494 2768 1:
2542 2738 2630 2778 με-

190 2802 377 2847 θύουσά
421 2810 458 2847 τ’
504 2802 759 2853 ἐξόπισθεν
796 2799 820 2858 ἦ
866 2802 1165 2861 σοφωτάτή.
1206 2841 1213 2848 .
1255 2839 1263 2848 .
1299 2806 1415 2848 κατὰ
1453 2804 1597 2854 πόδας
1634 2805 1907 2861 πορεύεται,
1948 2814 1985 2848 et
2023 2805 2207 2848 Philemo
2249 2807 2289 2848 in
2326 2805 2462 2849 Milite
2494 2805 2561 2849 Fr.
2601 2806 2629 2854 l,

188 2899 226 2928 v.
282 2888 371 2930 15:
446 2885 704 2944 ἀνεπήδησε
758 2885 986 2943 κᾶφευγεν
1032 2887 1186 2945 Υκύκλῳ
1234 2887 1315 2943 τὴν
1368 2886 1531 2930 λοπάδ’
1580 2884 1715 2940 ἔχων,
1782 2883 1915 2928 ἄλλοι
1966 2885 2004 2927 δ’
2049 2884 2244 2928 ἐδίωκον
2300 2887 2415 2929 κατὰ
2469 2886 2630 2935 πόδας.

190 3137 370 3188 speciosa
395 3138 523 3190 magis
563 3153 680 3193 quam
719 3153 811 3181 vera
843 3140 943 3180 haec
973 3143 1034 3180 est
1074 3140 1324 3191 coniectura,
1354 3154 1444 3181 nam
1474 3140 1535 3180 vel
1561 3140 1748 3192 temporis
1777 3139 1985 3178 diversitas
2017 3137 2314 3193 (παρσχίζομες
2343 3145 2383 3179 et
2408 3136 2632 3192 χναύομες)

190 3207 407 3248 ostendunt
431 3207 511 3248 ista
540 3209 590 3248 ab
618 3209 693 3249 hac
723 3209 951 3249 narratione
980 3209 1112 3249 aliena
1143 3222 1244 3249 esse.
1305 3210 1519 3250 Lorenzius
1549 3211 1620 3249 hos
1648 3221 1786 3248 versus
1817 3208 1859 3246 in
1887 3208 2065 3247 ordinem
2093 3209 2273 3261 recipere
2298 3207 2446 3249 oblitus
2476 3215 2548 3248 est.

228 3278 232 3281 ’
327 3276 344 3299 ⁴
374 3276 607 3327 Athenaeus
644 3290 739 3317 sane
768 3278 820 3317 [Ι.
849 3276 902 3317 66
928 3278 974 3325 Ε,
1002 3278 1074 3316 ubi
1100 3279 1175 3319 hoc
1204 3277 1395 3318 Nicandri
1426 3291 1543 3317 versu
1571 3278 1708 3325 utitur,
1740 3274 1878 3329 πέπερι
1917 3278 2095 3325 exhibet,
2137 3279 2208 3316 sed
2244 3279 2351 3317 idem
2382 3280 2455 3316 ΙΙΙ.
2483 3277 2561 3316 126
2589 3278 2635 3316 Β.

192 3337 240 3380 οὔ
264 3341 320 3400 <nl
340 3340 481 3394 mirvot
508 3343 585 3384 τὸν
615 3341 893 3399 Κολοφώνιον
909 3344 1142 3400 Νότανδρον
1165 3343 1224 3385 ἀεὶ
1249 3343 1515 3398 τεθαύμακας
1542 3344 1616 3384 τὸν
1644 3343 1838 3383 ἐποποιὸν
1870 3342 1928 3390 (ὃς
1957 3340 2210 3399 φιλάρχαιον
2237 3345 2304 3385 καὶ
2317 3346 2547 3397 πολυμαθῆ
2567 3342 2632 3382 καὶ

190 3406 253 3457 ὦς’1
275 3409 325 3450 Ᾰτδ
352 3409 543 3467 πεπέριον
568 3409 835 3466 όνόμασαντᾱ
862 3411 1073 3467 παρέθου;
1112 3415 1183 3453 ubi
1213 3415 1469 3454 Casaubonus
1497 3413 1546 3452 τό
1575 3411 1725 3465 πέπερι,
1757 3415 1932 3453 Dindorf
1956 3413 2032 3453 τὸν
2060 3411 2234 3467 πέπεριν,
2265 3415 2307 3454 Ο.
2338 3415 2556 3454 Schneider
2580 3411 2629 3453 τό

188 3474 330 3526 πέπερι
359 3477 449 3520 νέον
482 3482 671 3530 corren‘t,
701 3482 772 3521 sed
796 3482 898 3521 nihil
935 3484 1167 3522 mutandum
1196 3496 1283 3523 esse
1309 3488 1424 3535 puto:
1465 3483 1622 3521 videtur
1648 3484 1880 3522 Athenaeus
1908 3480 2090 3536 πέπεριν,
2122 3484 2228 3535 quod
2256 3483 2404 3534 reperit
2431 3483 2535 3535 apud
2562 3482 2631 3521 Ni-
