2891 3785
1384 183 1437 220 VI

184 315 329 370 Quare
389 328 472 361 non
529 314 674 360 dubito
731 303 951 361 lenissima
999 316 1207 360 medicina
1246 314 1433 363 adbibita
1478 317 1589 375 apud
1633 315 1925 377 Epicharin-n
1961 315 2200 374 ἔστειχ’,
2226 319 2521 379 steri-ipra¹⁵
2567 337 2637 368 ro-

182 395 394 456 liqnorum
448 396 685 442 emendatio
736 397 919 447 ineerta.
968 397 1050 441 nisi
1087 395 1199 455 qnod
1237 409 1264 441 a
1298 396 1464 443 duobus
1500 411 1722 444 sermones
1758 402 1844 446 seri
1881 409 2039 448 certum
2076 408 2162 447 est:
2209 400 2404 461 equid·-
2438 404 2639 463 suspicer

183 478 453 522 scribendum
489 491 617 521 esse:
1921 512 1923 514 .

723 562 782 603 A.
816 554 934 604 Ἀλλ’
971 556 1108 608 ἄλλος
1142 556 1303 615 ἔστειχ’
1341 555 1431 605 ὦδε
1464 557 1600 606 τοῦδε
1636 560 1755 605 κατὰ
1791 559 1953 614 πόδας,
2009 614 2015 622 x

798 641 881 685 τὸν
922 635 1089 698 ῥᾳδίως
1129 639 1265 704 λαψῇ
1295 641 1362 694 τύ,
1392 642 1614 687 κοινωνόν
1646 642 1706 695 roi
1738 645 1830 700 θην

795 720 985 776 εὔωνον,
1016 719 1236 769 ἀείσιτον.
1282 727 1336 769 Β.
1372 720 1471 768 ἀλλ’
1508 722 1656 780 ἔμπας
1697 720 1774 769 ὅδε

797 803 999 861 ἄμυστιν
1034 798 1191 863 ὥσπερ
1228 805 1392 850 κύλικα
1426 810 1554 850 πίνει
1589 807 1670 851 τὸν
1690 809 1806 862 βίον.
1840 830 1846 834 ·

141 919 143 921 -
183 888 337 945 scripsi
368 900 407 931 v.
438 889 481 931 2.
514 887 759 935 κοινωνόν,
809 889 875 932 ubi
917 889 957 931 in
993 886 1116 931 libris
1154 896 1219 932 est
1250 891 1325 932 καὶ
1347 890 1523 939 τοίνυν,
1575 903 1822 948 quamquam
1867 889 1983 934 aliud
2028 890 2126 947 quid
2166 890 2332 935 videtur
2365 889 2633 940 delitescere.

183 969 325 1026 itaque
365 967 465 1012 olim
505 958 668 1014 conieci
705 972 780 1012 nai
816 968 879 1011 τὸ
915 965 1019 1011 νῦν
1053 968 1114 1021 γά
1142 970 1234 1025 θην
1265 968 1439 1014 εὔωνον
1470 968 1622 1019 ἀΐεις
1657 975 1799 1023 σῖτον,
1838 974 1865 1015 i.
1901 986 1938 1016 e.
1976 986 2029 1015 ac
2066 986 2180 1015 nune
2215 974 2382 1028 quidem
2412 974 2631 1016 onisvilem

181 1064 269 1095 esse
313 1065 552 1096 annonam.
635 1051 757 1097 Prior
801 1061 950 1096 auctor
1001 1060 1084 1101 est.
1148 1063 1188 1096 ut
1235 1054 1345 1097 alter
1398 1068 1587 1097 scurram
1635 1054 1687 1097 ad
1752 1069 1800 1098 se
1846 1056 2023 1113 recipiat
2072 1053 2356 1112 quotidianum
2413 1056 2631 1099 convivam

183 1128 454 1194 (ἀείσιτον),
489 1149 570 1177 non
607 1135 715 1179 adeo
753 1144 1036 1193 sumptuosum
1078 1131 1311 1198 (εὔωνον),
1346 1150 1436 1179 cum
1474 1144 1691 1180 contentus
1728 1140 1781 1180 sit
1812 1137 2012 1194 quidquid
2045 1136 2155 1181 alter
2187 1136 2440 1195 praebuerit.
2515 1135 2634 1180 Alter

182 1229 285 1259 vero
321 1216 403 1259 hoc
438 1225 589 1271 negat,
636 1230 688 1259 ac
723 1217 825 1259 dicit
860 1218 1085 1260 verendum
1125 1232 1245 1267 esse,
1294 1232 1347 1260 ne
1372 1232 1476 1276 opes
1508 1232 1608 1261 suas
1646 1221 1809 1277 penitus
1847 1220 2088 1262 exhauriat:
2138 1231 2230 1261 nam
2257 1230 2433 1276 prorsus
2468 1220 2632 1275 integra

183 1307 279 1340 sunt
315 1299 447 1340 verba
478 1300 711 1341 novissima
746 1301 874 1341 πίνει
908 1299 989 1340 τὸν
1014 1301 1130 1352 βίον,
1165 1314 1273 1356 quae
1310 1313 1452 1357 parum
1488 1309 1601 1343 recte
1638 1303 1881 1344 coniectura
1918 1304 2090 1343 tentavit
2113 1301 2358 1347 Ahrensins,
2393 1313 2515 1358 quem
2549 1313 2632 1343 non

182 1379 364 1423 debebat
395 1378 631 1423 Lorenzius
686 1383 828 1437 sequi:
875 1395 971 1426 nam
1012 1383 1165 1423 πίνειν
1213 1381 1291 1424 hoc
1339 1383 1435 1424 ioco
1488 1381 1634 1424 eodem
1680 1381 1802 1425 modo
1833 1382 1985 1425 dictum
2025 1392 2116 1433 est,
2164 1395 2247 1440 quo
2284 1381 2402 1425 Plato
2438 1383 2625 1424 comicus

182 1457 275 1504 οὐδ’
313 1455 439 1509 ὅστις
483 1458 620 1517 αὐτῆς
657 1460 866 1505 ἐκπίεται
896 1462 954 1505 τὰ
982 1462 1213 1519 χρήματα·
1250 1463 1323 1506 sed
1362 1462 1602 1513 Porsonus,
1647 1466 1715 1521 qui
1753 1464 1860 1508 idem
1898 1464 2069 1507 verbum
2106 1462 2293 1521 Euripidi
2330 1464 2371 1507 in
2408 1461 2630 1520 Hippolyto

185 1555 218 1586 v.
244 1544 343 1587 622
382 1540 521 1597 ὄλβον
555 1542 781 1598 δωμάτων
816 1540 1065 1600 ἒκπίνομεν
1100 1541 1277 1608 (tegitur
1297 1541 1550 1608 ἐκτίνομεν)
1590 1550 1812 1590 restituere
1846 1544 1990 1595 voluit,
2028 1559 2171 1589 verum
2205 1558 2287 1589 uon
2317 1552 2380 1588 est
2393 1552 2629 1588 assecutus.

321 1623 384 1668 Ex
423 1627 597 1684 parasiti
638 1629 830 1671 oratione
864 1639 998 1684 pauca
1037 1627 1282 1684 decerpam
1318 1629 1490 1671 virtutes
1529 1637 1629 1671 suas
1664 1625 1982 1683 praedicaturus
2021 1628 2077 1671 ita
2113 1625 2298 1671 orditur:

796 1707 1086 1751 Συνδειπνέω
1123 1705 1187 1765 τῷ
1221 1705 1376 1757 λῶντι,
1405 1708 1595 1752 καλέσαι
1632 1704 1702 1749 δεῖ
1730 1706 1886 1761 μόνον.

798 1793 871 1833 καὶ
901 1789 967 1849 τῷ
1002 1805 1060 1843 γα
1098 1790 1159 1846 μὴ
1194 1790 1366 1838 λιωντι,
1405 1786 1575 1832 κωῦδὲν
1611 1787 1682 1832 δεῖ
1715 1788 1896 1833 καλεῖν·

182 1873 255 1917 ubi
294 1887 387 1917 cum
427 1872 665 1917 Dindorfius
698 1869 862 1916 λεῶντι
900 1875 1091 1917 scribere
1140 1874 1382 1921 maluisset,
1437 1873 1669 1916 Ahrensius
1708 1883 1922 1930 utramque
1959 1872 2131 1915 sormam
2184 1872 2415 1931 repudiavit
2448 1880 2487 1915 et
2518 1869 2630 1927 μηδὲ

181 1951 322 1997 λῶντι
358 1956 539 2012 scripsit,
570 1956 636 1996 cni
675 1958 945 1999 coniecturae
982 1955 1149 1998 multum
1184 1963 1369 2013 praestat
1389 1954 1585 1998 Meiuekii
1624 1957 1828 1998 inventum
1858 1956 1960 2009 μηχὶ
1982 1950 2135 2005 λῶντι,
2169 1966 2308 1997 verum
2341 1953 2628 1998 nihilomnino

181 2037 432 2086 mutandum,
468 2033 629 2078 λιῶντι
663 2036 715 2080 ad
751 2037 927 2080 eundem
963 2036 1128 2081 modum
1165 2036 1334 2088 dietum,
1359 2050 1466 2093 quo:

793 2114 880 2161 ὥτε
907 2115 1116 2173 χερνᾶτις
1148 2117 1277 2169 γυνά,
1312 2115 1442 2159 οὐδὲν
1477 2118 1889 2173 προμαθιουμένα·

180 2199 249 2244 vel
282 2201 669 2257 προμαθιωμένα,
702 2212 823 2257 quem
855 2211 1023 2244 versum
1060 2213 1141 2243 non
1178 2200 1319 2243 dubito
1358 2198 1605 2258 Epicharmo
1641 2199 1884 2251 vindicare,
1931 2199 1983 2244 cf.
2021 2212 2129 2258 quae
2160 2198 2243 2243 dixi
2265 2204 2358 2256 post
2382 2194 2627 2254 Lyricorum

179 2281 330 2339 fragm.
359 2282 562 2341 adespota
593 2284 632 2325 in
654 2281 719 2325 ed.
738 2279 807 2324 itt.
835 2295 870 2339 p.
898 2282 1036 2325 1359.
1106 2281 1162 2325 De
1193 2284 1358 2338 origine
1389 2282 1591 2326 auctioris
1618 2281 1779 2326 formae
1805 2281 1907 2325 aiibi
1940 2280 2104 2326 dicendi
2132 2283 2209 2326 erit
2239 2280 2374 2325 locus.
2393 2304 2461 2311 —
2496 2276 2546 2321 V.
2583 2278 2626 2322 3.

179 2377 256 2422 pro
294 2366 468 2420 χαρίεις
517 2364 702 2408 sortasse
757 2362 1023 2405 scribendum
1073 2366 1255 2419 χαρίης,
1305 2377 1425 2420 quam
1476 2363 1649 2407 sormam
1682 2362 1961 2407 Doriensibus
2008 2362 2149 2406 tribuit
2185 2359 2245 2404 Et.
2272 2359 2377 2404 (iud.
2406 2361 2510 2409 171,
2548 2358 2631 2411 46,

180 2453 219 2489 et
269 2446 522 2504 Apollonius
554 2458 721 2503 quoque
759 2444 811 2488 de
847 2443 941 2487 adv.
975 2443 1126 2501 (Bekk.
1163 2448 1237 2489 An.
1274 2444 1321 2489 ΙΙ.
1363 2445 1480 2502 573)
1510 2444 1762 2489 testificatur
1789 2473 1845 2481 -
1887 2444 1934 2488 V.
1980 2445 2049 2489 io.
2083 2442 2349 2488 scribendum
2385 2441 2575 2487 videtur:

925 2523 1036 2568 αἴκα
1074 2522 1282 2580 δ”εντύχω
1319 2531 1427 2576 τοῖς·
1449 2525 1737 2583 περιπόλοις,

789 2605 1027 2650 τούτοισιν
1063 2604 1257 2659 ἀγαθῶν
1292 2604 1487 2660 ἒπιλέγω
1522 2606 1704 2661 'ra-9162
1737 2602 1807 2650 ὅτι

793 2687 848 2733 οὔ
887 2687 1026 2732 λῶντι
1050 2690 1266 2743 πέλανον,
1301 2688 1419 2733 ἀλλὰ
1454 2687 1737 2745 μαστιγῶντί
1771 2705 1840 2744 με.

179 2777 220 2818 in
259 2774 380 2818 libris
431 2782 494 2818 est
536 2772 719 2821 τούτοις
765 2773 826 2831 (Β
865 2775 1101 2824 τουτοῖον,
1148 2776 1187 2814 P
1228 2786 1308 2816 του
1352 2773 1499 2832 τοιὸν)
1544 2769 1728 2825 ἀγαθὸν
1761 2768 1958 2824 ἒπιλέγω
1995 2775 2090 2820 τοῖς
2125 2772 2256 2819 θεοῖς
2293 2764 2365 2813 ὅτι
2401 2764 2454 2812 οὐ
2489 2763 2629 2811 λῶντι

176 2860 343 2899 παίων.
417 2857 536 2909 Quod
590 2853 784 2905 ἀγαθῶν
831 2852 1039 2905 ἅγαθῑδα
1084 2855 1312 2906 ἐπιλέγειν
1360 2859 1384 2899 i.
1423 2872 1458 2899 e.
1497 2855 1649 2899 πολλὰ
1695 2853 1855 2907 ἀγαθαὶ
1904 2856 2091 2904 restitui,
2139 2852 2445 2911 quodammodo
2497 2850 2629 2895 firmat

177 2938 359 2983 Suidas:
398 2937 456 2981 τὰ
493 2937 733 2980 Ταντάλου
782 2936 990 2980 τάλαντα
1032 2936 1347 2986 ιανταλίζεται
1385 2973 1393 2981 .
1436 2974 1443 2982 .
1481 2972 1490 2981 .
1529 2937 1721 2995 ἐπείπερ
1759 2936 1998 2987 παίζοντες
2019 2935 2170 2978 πολλοὶ
2204 2937 2277 2977 καὶ
2295 2930 2629 2986 ἄλλατοιαῦτα

179 3181 369 3218 candi-um
400 3178 553 3218 novicio
595 3190 704 3216 more
741 3189 812 3227 pro
850 3173 1040 3228 πεπέριον
1078 3177 1227 3215 dietum
1266 3189 1355 3215 esse
1395 3176 1711 3224 existimavisse,
1746 3190 1876 3228 neque
1918 3189 2009 3215 vero
2046 3175 2172 3215 locus.
2194 3174 2377 3224 Alexiph.
2412 3173 2491 3213 607
2526 3174 2629 3211 hane

145 3283 151 3291 ,
179 3247 407 3299 opinionem
424 3247 638 3287 confirmat.

315 3317 330 3338 ⁵
358 3315 607 3367 Quamquam
632 3315 803 3352 fortasse
833 3312 956 3351 etiam
985 3313 1192 3351 exordium
1220 3325 1357 3350 versus
1387 3312 1528 3351 vitium
1556 3312 1772 3359 contraxit,
1802 3311 1872 3349 ubi
1902 3310 2032 3361 possis
2059 3303 2250 3355 ἅλαλος
2281 3301 2350 3346 ὅδ’
2379 3303 2522 3359 ἔστειχ’
2551 3293 2630 3345 ὦδε

178 3379 388 3422 conficere.
423 3381 556 3422 Etiam
583 3382 626 3421 in
650 3380 702 3420 iis
722 3392 826 3434 quae
855 3382 1080 3432 sequuntur
1107 3378 1201 3420 olim
1232 3379 1310 3419 alia
1338 3379 1501 3428 tentavi,
1530 3379 1640 3420 velut
1666 3372 1928 3427 εινπωνον,
1959 3372 2149 3428 ἀείσιτον,
2180 3376 2418 3431 cf.Hesych.
2442 3366 2631 3421 dummoc

181 3444 345 3504 ὄμβρος
360 3464 370 3475 ·
398 3445 582 3499 εὔποτος.
