2891 3785
1412 154 1484 193 m

218 290 545 348 menda-nr,
571 283 883 342 doverae&
901 283 1122 339 ἄναθῐδος
1138 286 1215 332 καὶ
1228 286 1493 345 evodum
1506 281 1664 344 σοφοῦ
1675 290 1785 345 παρ’
1800 282 2067 344 Ἐπιχάρμῳ
2080 302 2094 328 =
2128 297 2221 330 nain
2243 286 2405 331 videtur
2419 284 2659 346 Epicharmi

219 366 454 421 nau-dtu
488 371 646 430 pariter
678 370 732 416 ad
769 378 989 428 utra-qne
1003 367 1270 433 proverbium
1307 368 1555 420 refert-ndu
1600 369 1697 414 item
1727 380 1878 429 snpra:
1932 362 2132 421 ἀγαθοῖν
2165 362 2407 420 ἄγαθῒδις·
2440 367 2659 412 τάττεται

219 449 247 512 ἧ
278 452 511 511 παροιμία
544 449 675 508 παρὰ
697 453 803 502 ,τοῖς
838 451 1055 505 κωμικοῖς
1086 446 1182 493 ἐπὶ·
1199 443 1293 494 τιῖν
1326 445 1514 491 πολλᾶν
1545 446 1754 503 ἀγαθοῖν.
1805 448 1915 493 ldem
1951 456 2130 493 testatur
2163 448 2316 493 Pollux
2333 448 2423 493 Vll.
2448 452 2529 501 81,
2562 464 2658 495 nan

219 537 340 583 Attici
399 547 567 593 quoque
617 534 768 579 comici
823 531 1016 577 videntur
1065 521 1359 590 usurpavisse,
1422 528 1518 575 binc
1569 529 1827 589 l‘brynicbns
1876 529 2058 576 Bekkeri
2107 532 2183 575 An.
2232 528 2261 573 Ι.
2301 531 2360 583 9,
2392 531 2453 575 31
2509 534 2656 589 attigit.

207 615 429 669 ,Πέλανον
465 622 601 659 autem
637 628 860 658 nummum
894 615 1156 671 interpretor,
1192 610 1278 656 dixi
1316 624 1368 656 ea
1406 611 1459 655 de
1494 625 1541 656 re
1578 614 1620 656 in
1655 612 1973 670 quaestionibus
2011 611 2325 664 Callimacbiis‚
2374 607 2484 656 adde
2521 613 2659 661 schol.

219 698 439 757 Porphyrii
489 695 543 739 de
578 695 739 739 Abstin.
775 693 827 738 ll.
865 694 919 739 7:
955 692 1151 742 πέλανος
1187 726 1197 736 .
1233 726 1243 735 .
1276 727 1286 737 .
1322 684 1348 736 ὅ
1382 688 1470 736 τοῦ
1500 690 1707 747 μάντεως
1741 692 1915 749 μισθὸς
1950 690 2122 748 ὀβολός.
2170 691 2332 737 Etenim
2370 696 2562 738 nocturni
2598 698 2660 741 vi-

219 779 331 838 giles
378 777 570 822 videntur
616 790 642 820 a
688 775 1006 832 grassatoribus
1051 774 1216 819 multam
1262 776 1485 831 exegisse,
1531 773 1703 820 eosdem
1740 774 1775 818 si
1817 788 1900 819 non
1955 783 2098 820 essent
2133 773 2363 826 solvendo,
2410 774 2659 826 verberibus

221 859 472 905 mulcabant.
537 856 780 916 Sequuntur
806 856 937 901 haec:

661 934 791 980 Ἐπεὶ
822 935 876 980 δέ
905 943 943 992 χ’
979 934 1066 981 ἵκω
1102 936 1276 987 οἴκαδις
1312 938 1648 993 καταφθαρείς,

668 1018 903 1078 ἄστρωτος
931 1016 1073 1064 εὕδοι·
1107 1024 1182 1063 καὶ
1211 1020 1270 1063 τὰ
1299 1020 1382 1076 μὲν
1416 1015 1560 1075 πρῶτ’
1595 1015 1649 1063 οὗ
1685 1016 1788 1069 κοῶ,

666 1099 719 1153 ἇς
756 1103 816 1145 κοί
848 1108 892 1155 μ’
930 1101 1127 1162 ἄκρατος
1162 1101 1283 1152 οἶνος
1319 1101 1510 1164 ἀμφέπῃ
1549 1103 1742 1158 φρένας·

220 1185 291 1231 ubi
326 1185 643 1243 ααταφθαρεὶς
678 1183 892 1243 Heringae
928 1193 992 1230 est
1026 1188 1295 1238 coniectura,
1329 1199 1420 1228 nam
1461 1184 1535 1228 VL
1572 1186 1895 1240 καταφθερεῒς,
1932 1189 1971 1226 Ρ
2001 1187 2271 1241 καταφερεῖς
2305 1183 2523 1228 exhibent:
2561 1181 2657 1227 milii

220 1265 385 1326 quidem
429 1266 545 1312 alind
583 1267 715 1311 latere
751 1266 938 1315 videtur,
974 1280 1067 1310 nam
1116 1270 1324 1326 parasitus
1369 1268 1636 1325 quotidianas
1673 1268 1867 1309 miserias
1918 1275 2108 1316 enarrat,
2154 1266 2270 1310 illum
2301 1273 2437 1310 autem
2475 1262 2659 1321 singulis

222 1348 415 1394 noctibus
453 1346 724 1407 vapulavisse
761 1360 920 1391 omnem
957 1347 1075 1391 fidem
1113 1348 1289 1398 excedit,
1325 1350 1463 1406 itaque
1497 1347 1608 1391 band
1645 1350 1735 1392 scio
1773 1361 1825 1391 an
1861 1350 1914 1392 sit
1949 1347 2240 1391 scribendum:

657 1425 787 1471 Ἐπεὶ
825 1426 878 1482 δέ
908 1433 945 1481 χ’
984 1424 1069 1472 ἵκω
1105 1428 1292 1482 οἴκαδις,
1330 1444 1416 1473 κατ
1450 1412 1680 1485 διφθέρας

659 1506 891 1566 ἄστρωτος
926 1505 1057 1554 εὕδω.

224 1591 358 1637 Homo
398 1604 557 1650 pauper
588 1591 782 1649 stragulo
819 1600 957 1643 caret,
991 1593 1131 1649 itaque
1167 1599 1290 1637 noctu
1330 1591 1455 1636 cubat
1502 1593 1542 1634 in
1579 1592 1824 1636 vestimento
1863 1594 2044 1648 agresti,
2091 1592 2201 1649 quod
2233 1591 2410 1635 interdiu
2450 1591 2658 1646 gestabat.

229 1671 391 1717 Deinde
424 1686 552 1718 versu
586 1674 816 1718 novissimo
852 1686 942 1716 cum
979 1672 1075 1717 libri
1114 1671 1334 1717 exhibeant
1370 1669 1424 1721 ἃς
1457 1671 1627 1726 ταμών,
1662 1672 1847 1716 fortasse
1883 1676 2039 1717 rectius
2075 1675 2322 1731 scripseris.-

678 1749 731 1804 ἇς
764 1760 802 1810 χ’
837 1748 989 1809 ἁμέων
1024 1751 1222 1812 ἄκρατος
1254 1750 1444 1817 α’μφέπῃ
1481 1756 1675 1812 φρένας·

223 1837 568 1896 quemadmodum
587 1839 630 1882 in
647 1836 885 1897 'Sophronis
905 1840 1038 1883 mimis
1059 1837 1283 1895 trisyllaba
1297 1839 1432 1883 forma
1451 1830 1601 1892 ὖμέων
1623 1845 1753 1881 extat:
1770 1833 1890 1885 οἶνος
1909 1846 2042 1881 autem
2061 1837 2223 1882 librarii
2246 1845 2309 1882 est
2326 1836 2660 1883 additamentum.

357 1917 432 1963 His
464 1918 673 1976 subiungo
710 1917 838 1975 longe
871 1920 1165 1975 gravissimum
1202 1919 1352 1969 locum.
1388 1933 1509 1977 quem
1528 1918 1743 1975 Diogenes
1758 1917 1897 1962 Laert.
1918 1918 1988 1961 ΙΙΙ.
2013 1920 2280 1969 lOservavit‚
2313 1919 2578 1977 qainondam
2596 1927 2663 1965 est

227 2001 268 2044 in
308 2001 514 2057 integrum
550 2001 787 2050 restitutns;
822 2002 1008 2058 inprimis
1043 2008 1178 2044 autem
1216 2000 1443 2045 curandum
1493 2007 1569 2052 est,
1615 2009 1658 2045 ut
1690 2013 1906 2045 sermones
1943 2000 2159 2045 commode
2192 2000 2517 2058 distinguantur:
2567 2014 2663 2046 nam

224 2082 482 2125 novissimus
529 2079 693 2138 quidem
734 2080 870 2125 editor
906 2093 956 2124 ea
995 2082 1035 2124 in
1076 2094 1123 2124 re
1160 2083 1214 2124 ita
1250 2090 1444 2125 versatus
1484 2090 1560 2132 est,
1595 2082 1712 2139 (vide
1751 2096 1787 2139 p.
1809 2082 1903 2125 267
1941 2096 2030 2138 seq.
2056 2092 2094 2125 et
2124 2096 2232 2139 quae
2270 2096 2397 2140 supra
2416 2098 2453 2141 p.
2475 2082 2582 2126 1⁰8.
2607 2082 2662 2126 de

223 2161 289 2206 his
324 2161 520 2207 versibus
557 2160 801 2221 disputavit)
838 2170 877 2206 ut
915 2169 1063 2220 poetae
1099 2143 1326 2208 orationem
1364 2164 1498 2219 magis
1535 2162 1835 2207 obscuravisse
1872 2171 1911 2206 et
1946 2165 2232 2222 impedivisse‚
2262 2178 2382 2222 qnam
2419 2163 2665 2207 illustrasse

225 2242 464 2289 censendus
495 2244 562 2289 sit.
610 2241 694 2288 Sed
732 2245 878 2303 paucis
911 2242 1119 2294 indicabo,
1154 2244 1363 2302 quomodo
1381 2245 1605 2288 universus
1624 2244 1746 2288 locus
1766 2244 2049 2303 expediendus
2073 2258 2171 2290 esse
2190 2245 2391 2291 videatur.
2433 2243 2663 2290 Sermones

225 2326 333 2369 inter
367 2339 416 2369 se
452 2325 672 2371 conferunt
708 2325 804 2377 duo,
841 2339 892 2369 ex
928 2324 1081 2384 quibus
1116 2327 1234 2385 prior
1268 2328 1406 2371 omnia
1441 2327 1481 2369 in
1517 2339 1654 2370 rerum
1690 2335 1837 2369 natura
1870 2336 2041 2370 aeterna
2080 2341 2179 2371 esse
2215 2339 2375 2380 censet,
2424 2328 2533 2371 alter
2580 2327 2662 2372 hoc

224 2405 419 2465 placitum
456 2408 713 2463 argumentis
751 2406 961 2451 refellere
996 2414 1193 2452 conatur:

560 2501 618 2539 A.
667 2492 782 2539 Ἀλλ·
820 2493 888 2539 ἀεὶ
922 2500 992 2539 τοὶ
1029 2498 1133 2539 θεοὶ
1169 2494 1391 2554 παρῆσαν
1416 2491 1672 2552 χῦπέλιπον
1703 2493 1966 2546 οὖπώποκα,

667 2577 776 2621 τάδε
814 2577 852 2620 δ’
893 2575 963 2621 aiei
1000 2575 1192 2634 παρῆς
1229 2580 1278 2621 θ’
1316 2573 1451 2635 ὅμοῖα
1486 2578 1585 2622 διοί
1630 2593 1691 2621 τε
1724 2576 1815 2620 τῶν
1849 2575 2002 2621 αὐτῶν
2036 2576 2120 2622 «iet.

564 2665 614 2704 Β.
657 2658 773 2703 ἄλλα
812 2660 1003 2712 λέγεται
1042 2660 1134 2714 μὰν
1162 2661 1271 2714 χιίος
1306 2660 1487 2717 πριῖτον
1521 2664 1739 2714 γενέσθαι
1775 2659 1865 2703 τῶν
1900 2659 2040 2704 θεῶν.

560 2747 618 2786 A.
664 2739 761 2792 πῶς
798 2740 850 2786 δέ
886 2747 948 2792 κ’;
983 2738 1219 2797 ἅμιέχανόν
1255 2747 1293 2796 γ’
1330 2739 1427 2786 ἀπό
1460 2757 1582 2793 τινος
1614 2744 1817 2799 μολέν,
1848 2738 1918 2786 ὅτι
1952 2740 2130 2799 πρᾶτον
2164 2744 2311 2799 μόλοι.

666 2822 747 2867 οὐκ
785 2823 856 2881 ἄρ’
894 2823 1031 2879 ἔμολε
1071 2822 1250 2881 πρᾶτον
1290 2822 1434 2877 οὐδέν,
1461 2823 1564 2868 οὐδὲ
1597 2826 1660 2879 μὰ
1695 2829 1781 2868 Δία
1816 2826 2029 2881 δεύτερον

261 2877 289 2909 ³
661 2905 873 2952 τῶνδε.
909 2906 1022 2949 ταῖν
1058 2900 1166 2960 ἆμὲς
1201 2908 1283 2951 νῦν
1320 2904 1409 2951 ὦδε
1431 2909 1755 2963 βλέπομες,
1793 2905 1917 2950 ἀλλ’
1956 2904 2045 2951 ἀεὶ
2082 2907 2210 2951 τάδ’
2250 2905 2331 2965 ἧς.

566 2994 614 3033 Β.
662 2989 711 3032 αἶ
750 2995 850 3033 ποτ’
889 2987 1096 3046 ἀριθμόν
1130 3006 1198 3039 τις
1236 2991 1476 3047 περισσόν,
1511 2990 1560 3034 αῖ
1596 2990 1646 3033 δὲ
1680 2987 1771 3052 λῇς,
1805 2996 1934 3033 ποτ’
1973 2987 2134 3046 ἄρτιον

662 3073 897 3127 ποτ-θέμεν
933 3069 989 3134 λῇ
1024 3069 1203 3129 ψᾶφον,
1231 3069 1257 3129 ἢ
1288 3077 1361 3116 καὶ
1397 3071 1482 3115 τᾶν
1517 3067 1814 3126 ὕπαρχουσᾶν
1849 3073 2019 3126 λαβεῖν,

665 3148 691 3210 ἦ
726 3152 852 3197 δοκεῖ
888 3168 947 3197 κα
982 3168 1055 3196 τοι
1090 3149 1183 3208 τόχ’
1220 3149 1363 3202 ωὖτὸς
1394 3152 1544 3210 clpam
1579 3160 1637 3198 A.
1674 3152 1755 3196 οὐκ
1786 3154 1884 3209 ὲμὶν
1918 3155 2072 3198 τόκα.

232 3236 291 3280 10
563 3241 616 3278 B.
668 3233 773 3278 οὐδὲ
807 3236 901 3289 μᾶν
937 3232 1032 3278 οὐδ’
1063 3236 1113 3278 αἳ
1148 3240 1256 3279 ποτὶ
1290 3239 1454 3293 μέτρον
1490 3241 1714 3290 παχυαῖον
1747 3239 1984 3289 ποτθέμεν

666 3314 723 3381 λῇ
751 3330 819 3366 τις
856 3312 1021 3374 ἅτερον
1057 3315 1201 3372 μᾶκος
1239 3313 1264 3374 ἢ
1299 3314 1382 3360 τοῦ
1417 3314 1590 3374 πρόσθ’
1621 3315 1775 3366 ἐόντος
1815 3315 2084 3374 ἀποταμεῖν,

662 3398 733 3444 ἔτι
765 3395 803 3455 χ’
839 3393 1040 3457 ὖπάρχοι
1077 3404 1199 3445 κεῖνο
1234 3401 1287 3444 τὸ
1321 3403 1501 3459 μέτρον.
1533 3407 1579 3443 A
1614 3397 1667 3444 οὗ
1697 3401 1797 3458 γάρ.
1837 3395 1968 3446 Raida
2003 3398 2085 3446 νῦν
2123 3398 2204 3460 ὅρη
