2891 3785
1416 191 1468 225 l'V

210 321 432 368 Pon-sonus
480 321 562 366 τὸν
610 318 867 380 ἀρχαῖον
896 321 1073 380 τρόπον
1102 325 1299 374 correxit,
1337 326 1450 384 quod
1489 328 1530 370 in
1567 301 1891 383 hephaestionis
1928 322 2053 369 libris
2091 321 2256 369 ειῑτδν
2270 319 2468 383 ἄριστον
2484 324 2675 384 τρόπον,

211 404 325 463 quod
371 405 471 462 quid
521 405 602 449 sibi
656 405 758 449 velit
796 420 843 449 se
881 419 964 448 non
1001 408 1107 448 satis
1146 410 1321 462 assequi
1359 408 1460 451 dicit
1496 406 1759 456 Loreuzius,
1804 403 1882 447 sed
1918 403 1972 447 de
2006 405 2260 451 Aristoxeno
2295 406 2476 464 eiusque
2508 406 2673 462 iubis,

210 485 323 530 uude
363 486 612 531 comoediae
648 485 878 545 primordia
925 484 1153 543 repetenda
1189 494 1298 537 sunt,
1332 487 1417 531 dixi
1454 489 1495 531 iu
1527 487 1744 531 breviario
1780 484 1875 529 hist.
1910 484 1992 530 litt.
2032 483 2104 529 Gr.
2141 499 2179 545 p.
2217 485 2329 532 ⁸72.
2360 483 2571 535 Loreuzio
2605 488 2674 536 hio

210 577 380 626 quoque
427 568 562 613 obfuit
596 550 793 613 Ahreusii
830 568 1086 614 auctoritas,
1135 568 1204 624 qui
1244 571 1386 624 pravis
1424 570 1680 613 coniecturis
1716 569 1899 626 priorem
1932 578 2100 612 versum
2131 569 2266 613 omnis
2296 567 2408 612 labia
2450 569 2673 616 immunem

210 648 485 705 sollicitavit;
535 649 642 705 sugit
691 648 792 691 iilos
844 648 1065 691 notissima
1115 647 1547 709 brachylogia,1qua
1583 649 1844 709 posteriores
1882 661 2011 707 saepe
2049 655 2226 701 utuntur,
2268 647 2384 693 velut
2418 650 2672 698 Aristoteles

210 729 263 773 de
309 738 419 789 poet.
458 744 496 774 c.
535 733 589 774 2:
638 731 892 789 Νικοχάρης
943 723 968 772 ὃ
1014 729 1096 784 τὴν
1135 726 1365 786 Δηλιάδα,
1422 728 1689 775 Philodemus
1736 732 1844 789 περὶ
1891 726 2126 787 εὐσεβείας
2175 746 2213 790 p.
2249 730 2339 776 43:
2390 724 2415 774 ὅ
2461 730 2524 775 δὲ
2569 734 2672 792 τὴν

211 814 575 869 Τιτανομαχίαν,
635 811 905 857 Herodianus
964 815 1071 867 περὶ
1128 811 1287 867 μονήρ.
1342 809 1430 858 λέξ.
1491 828 1528 869 p.
1582 811 1637 856 9:
1708 803 1766 860 ὥς
1825 805 1850 855 ὅ
1906 813 1976 855 τοὶ
2041 814 2225 870 Κύπρια
2285 816 2453 869 φησιν,
2510 828 2548 874 p.
2595 817 2670 860 lo.

210 893 341 954 (adde
379 894 433 937 ib.
474 893 607 955 p.26)
646 888 669 937 ὁ
706 892 811 942 τοὺς
861 889 1079 946 Εἵλωτας,
1118 891 1365 938 Parthenius
1403 902 1554 938 narrat.
1581 909 1659 938 am.
1680 910 1716 939 c.
1762 894 1843 939 14:
1882 893 1928 938 οἷ
1942 897 2000 939 τοὶ
2036 896 2330 953 Μιλησιακιί,
2366 895 2667 958 Schol.Soph.

211 975 367 1022 Electr.
423 977 538 1022 152:
584 970 817 1034 ἢὍμήρῳ
869 973 1122 1021 ἀκολουθεῖ
1165 976 1367 1032 εἰρηκότι
1419 979 1537 1032 τρεῖς
1575 976 1656 1025 τὰς
1694 978 1953 1036 θυγατέρας
2005 978 2089 1022 τοῦ
2136 977 2493 1034 Ἀγαμέμνονος,
2539 974 2566 1034 ἢ
2611 973 2669 1028 οἷς

210 1052 235 1100 ό
264 1058 322 1100 τὰ
358 1058 544 1114 Κύπρια
574 1058 802 1116 τέσσαράς
840 1069 993 1114 φησιν.
1025 1083 1091 1091 --
1129 1057 1231 1102 Item
1273 1060 1585 1115 anapaesticum
1618 1061 1915 1116 septenarium,
1951 1065 2021 1117 qui
2048 1061 2152 1104 uuili
2175 1058 2423 1104 'calumniae
2459 1060 2668 1105 obnoxius

211 1148 287 1189 est,
324 1154 375 1184 ex
414 1141 575 1198 Pyrrha
612 1148 653 1185 et
683 1140 928 1185 Prometheo
965 1138 1031 1183 Fr.
1075 1141 1122 1183 l:

687 1223 783 1267 Τάν
818 1222 1043 1271 τελλίναν,
1080 1222 1161 1264 τὸν
1198 1219 1423 1275 ἀναρίταν
1463 1220 1615 1264 θᾶσαι
1651 1221 1705 1275 δι)
1743 1226 1818 1263 καὶ
1848 1223 1993 1272 λεπὰς
2031 1220 2163 1266 ὅσσα.

209 1305 391 1351 nondum
435 1306 476 1349 in
526 1306 733 1363 integrum
783 1305 1012 1348 restitutum
1061 1318 1158 1346 esse
1201 1303 1433 1346 Lorenzius
1481 1305 1731 1354 arbitratur,
1779 1305 1847 1347 ubi
1897 1309 2043 1350 nescio
2080 1319 2189 1364 quae
2226 1303 2368 1360 caiigo
2406 1307 2498 1352 eius
2530 1306 2667 1352 oculis

210 1386 348 1432 offusa
369 1395 445 1432 est.
472 1414 539 1420 —-
575 1387 712 1433 Prava
748 1386 1015 1430 distinctione
1053 1384 1296 1428 obscuravit
1336 1401 1371 1442 p.
1411 1388 1505 1431 276
1548 1388 1833 1444 proverbium:

461 1518 463 1521 Α
689 1465 715 1511 ὅ
749 1484 821 1512 τοι
857 1466 1039 1524 θρασύς
1078 1467 1192 1523 πρὸς
1229 1464 1363 1521 ἔργον
1394 1464 1442 1509 ἐκ
1484 1465 1672 1518 πολλοῦ,
1711 1467 1871 1517 κακός·

205 1550 255 1594 ὲκ
292 1548 481 1603 πολλοῦ,
517 1551 627 1609 quod
660 1552 770 1595 alias
808 1551 1009 1608 temporis
1049 1561 1203 1591 moram
1237 1549 1473 1605 significat,
1509 1551 1573 1594 hic
1611 1551 1763 1595 dictum
1799 1552 1850 1596 de
1872 1553 2056 1608 negotio,
2094 1550 2207 1608 quod
2224 1557 2424 1594 remotum
2444 1558 2509 1595 eet
2531 1564 2667 1610 neque

206 1635 412 1683 imminet3
450 1635 583 1692 ipsius
621 1641 758 1676 autem
799 1630 1038 1690 Epicharmi
1067 1630 1196 1674 verba
1235 1631 1512 1687 probabiliter
1549 1635 1727 1675 restituit
1761 1635 1945 1679 Ahrens:

692 1748 700 1757 .
738 1749 746 1757 .
783 1745 793 1756 .
822 1707 875 1755 ‘O
911 1713 1048 1761 κακὸς
1086 1714 1257 1768 θαρρεῖ
1291 1711 1394 1765 μάλ’
1435 1709 1643 1763 ἄπωθεν,
1681 1712 1845 1758 ἔπειτα
1881 1715 1932 1760 δε
1968 1715 2142 1771 φεύγει.

210 1819 271 1827 —
309 1797 408 1842 Item
450 1813 486 1857 p.
523 1797 633 1860 273,
660 1796 709 1840 fr.
749 1796 827 1840 49.
869 1810 953 1839 uon
991 1795 1171 1839 debebat
1206 1793 1448 1839 Aristotelis
1480 1798 1752 1854 scripturam:

682 1876 796 1920 τόκα
829 1877 912 1931 μὲν
943 1875 994 1920 ἒν
1030 1876 1219 1931 τήνων
1254 1874 1370 1929 ’eruin‘
1408 1874 1473 1930 ἦν,
1507 1878 1622 1920 τόκα
1656 1877 1705 1920 δὲ
1735 1878 1865 1935 παρὰ
1904 1879 2054 1935 τήνοις
2092 1875 2220 1931 ἒγοίν.

208 1976 436 2021 spernere;
473 1960 582 2005 male
619 1962 726 2004 enim
765 1959 873 2016 apud
908 1958 1158 2002 Demetrium
1194 1957 1245 2000 ἒν
1280 1958 1432 2013 τήνοις
1469 1960 1712 2003 scribitur.2

343 2042 430 2087 Sed
480 2045 561 2086 iam
607 2055 659 2085 ex
697 2044 773 2088 iis,
821 2054 930 2098 quae
967 2041 1083 2085 horis
1132 2042 1371 2085 subsecivis
1409 2041 1461 2084 ad
1503 2040 1735 2099 Epicharmi
1776 2043 1979 2100 reliquias
2022 2042 2182 2086 mendis
2224 2042 2467 2086 liberandas
2504 2043 2663 2100 paravi,

207 2126 412 2171 nonnulla
453 2125 707 2182 depromam.
773 2120 834 2164 Ex
872 2121 1095 2164 Sirenibus
1138 2135 1258 2165 unum
1297 2131 1493 2180 superest
1528 2123 1815 2177 fragmentum,
1851 2126 2041 2179 graviter
2077 2123 2184 2167 iliud
2223 2122 2348 2180 quide
2382 2123 2663 2183 depravatum,

203 2206 316 2266 quod
355 2213 465 2250 extat
501 2205 612 2264 apud
646 2204 792 2249 Atheu.
834 2201 921 2245 Vll.
960 2203 1072 2247 277.
1106 2201 1163 2251 F„
1195 2204 1306 2260 quod
1343 2203 1544 2247 adscribo
1574 2204 1918 2260 quemadmodum
1957 2205 2052 2247 mihi
2091 2204 2391 2248 emendandum
2427 2205 2614 2250 videtur:

578 2289 636 2329 A.
672 2284 808 2340 Πρωῒ
839 2285 922 2339 μέν
958 2288 994 2336 γ’
1035 2280 1188 2332 ἀτενὲς
1226 2279 1307 2326 ἀπ’
1342 2281 1455 2332 ἀοῦς
1493 2281 1645 2339 ἀφύας
1685 2282 2023 2340 ἀπεπυρίζομες
2216 2279 2246 2305 ⁶

681 2366 962 2423 στρογγύλας
1002 2368 1076 2409 καὶ
1109 2364 1422 2420 δελφακίσκας
1461 2364 1581 2409 όπτοὶ
1621 2371 1730 2423 κρέα
1767 2370 1841 2410 καὶ
1868 2367 2138 2420 πωλύπους,

682 2451 757 2493 καὶ
791 2448 961 2502 γλυκύν
994 2454 1031 2501 γ’
1072 2445 1141 2492 ἔπ’
1181 2444 1243 2491 ὠν
1275 2448 1463 2502 ἐπίομες
1496 2447 1634 2493 οἶνον.
1672 2456 1725 2494 Β,
1764 2451 1965 2504 οἰβοιβοῖ
1999 2451 2156 2500 τάλας.

579 2536 638 2575 A.
677 2533 866 2588 πέπερι,
901 2533 1118 2586 σασαμίς,
1156 2529 1375 2583 πλακοῦς,
1400 2557 1458 2564 -
1497 2537 1548 2577 Β.
1593 2528 1634 2575 οἱ.
1670 2536 1728 2575 A.
1764 2531 1987 2587 κῖσχοίδες,
2013 2559 2081 2566 -
2129 2537 2180 2576 Β.
2220 2531 2315 2590 φοῦ
2348 2531 2440 2578 τῶν
2483 2530 2651 2578 κακῶν.

493 2616 535 2659 5.
573 2619 630 2658 A.
669 2612 790 2658 σῦκα
826 2613 972 2671 πάρα,
1005 2615 1191 2671 τρίγλας
1226 2629 1275 2657 τε
1312 2617 1448 2656 τέκνα
1469 2618 1618 2668 παχέα
1655 2613 1820 2669 κάμίαι
1838 2614 1933 2669 δύο,
2564 2607 2567 2609 ’

679 2695 1042 2750 διατετμαμέναι
1075 2699 1231 2752 μέσαι,
1269 2697 1451 2750 φάσσαι
1471 2713 1518 2739 τε
1554 2695 1813 2740 τοσσαῦται
1846 2695 2003 2753 παρῆν

682 2781 902 2834 σκορπίοι
936 2794 998 2822 τε.
1010 2812 1029 2842 3

342 2977 357 2997 ²
384 2974 614 3026 Epicharmi
640 2974 824 3027 reliquiis
853 2987 981 3025 pauca
1007 2973 1203 3026 quaedam
1233 2973 1347 3021 addo,
1377 2987 1480 3025 quae
1503 2973 1689 3012 Lorenzii
1710 2973 1960 3022 diligentiam
1978 2973 2179 3024 fugerunt.
2220 2974 2391 3013 Versum
2408 2972 2661 3013 notissimum

203 3043 253 3082 fr.
276 3043 351 3083 inc.
385 3043 446 3084 15.
477 3056 515 3094 p.
545 3040 625 3082 259
652 3041 739 3082 τῶν
767 3036 907 3081 πόνων
938 3041 1150 3082 πωλοῦσιν
1176 3038 1275 3094 ἡμῖν
1302 3036 1436 3080 πάντα
1460 3037 1611 3094 τάγάθ’
1644 3037 1682 3081 οἱ
1712 3040 1804 3080 θεοὶ
1831 3042 2011 3093 respexit
2043 3041 2164 3082 etiam
2176 3040 2370 3079 Libanius
2396 3042 2471 3082 ΠΙ.
2491 3041 2585 3085 200.
2605 3063 2661 3070 -

202 3114 306 3155 Item
322 3113 387 3155 Fr.
413 3111 465 3151 27
488 3126 526 3163 p.
556 3110 655 3156 262:
703 3109 770 3151 Tot
795 3109 877 3165 πρό
907 3110 984 3150 τοῦ
1020 3105 1083 3149 δύ’
1111 3104 1256 3163 ἄνδρες
1288 3105 1441 3163 ἔλεγον,
1486 3103 1540 3158 εἷς
1567 3107 1671 3163 ἐγών
1708 3105 1903 3163 ἀποχρέω
1945 3112 2061 3151 affert
2099 3109 2406 3171 olympiodorus
2427 3111 2504 3172 3in2
2524 3110 2659 3161 Iahuii

206 3182 412 3232 Supplem.
444 3181 559 3219 ΧΠ.
589 3193 628 3232 p.
658 3179 750 3220 370.
2181 3169 2184 3172 “

345 3252 359 3274 ³
389 3250 546 3288 Ahrens
572 3250 680 3288 hunc
709 3249 841 3288 locum
867 3249 1142 3299 redintegrare
1173 3247 1329 3288 studuit
1356 3245 1504 3287 additis
1532 3246 1596 3295 iis,
1626 3262 1728 3301 quae
1756 3249 1900 3287 Athen.
1930 3248 2020 3289 VII.
2050 3246 2140 3289 309.
2160 3249 2203 3288 Ε.
2233 3262 2284 3288 ex
2310 3248 2523 3300 comoedia,
2546 3248 2659 3287 cuius

202 3332 348 3358 nomen
380 3318 664 3368 praetermisit,
695 3318 876 3356 adhibet:
951 3351 955 3355 .
2357 3323 2362 3329 ⁴

755 3415 764 3423 .
823 3387 843 3423 .'
890 3380 1079 3438 Κιίγλαοὶ
1106 3381 1304 3438 κόκκυγες,
1336 3379 1409 3429 οὓς
1434 3383 1716 3439 παρσχίζομες

675 3449 844 3503 πάντας,
875 3449 1072 3499 ὀπτᾶντες
1101 3451 1144 3492 δὲ
1172 3449 1426 3504 χάδύναντες
1458 3449 1620 3499 αύτούς
1651 3447 1871 3504 χναύομες.
